<?xml version="1.0" encoding="UTF-8"?><collection><record><leader>05212ntm a2200505 a 4500</leader><controlfield tag="001">006833762</controlfield><controlfield tag="003">MiAaHDL</controlfield><controlfield tag="005">20190719000000.0</controlfield><controlfield tag="006">m        d        </controlfield><controlfield tag="007">cr bn ---auaua</controlfield><controlfield tag="008">090701s18uu    xx            00| ||ara d</controlfield><datafield tag="035" ind1=" " ind2=" "><subfield code="a">(MiU)006833762</subfield></datafield><datafield tag="035" ind1=" " ind2=" "><subfield code="a">sdr-miu006833762</subfield></datafield><datafield tag="040" ind1=" " ind2=" "><subfield code="a">MiU</subfield><subfield code="c">MiU</subfield><subfield code="e">amremm</subfield></datafield><datafield tag="043" ind1=" " ind2=" "><subfield code="a">n-us-mi</subfield><subfield code="a">f-mr---</subfield></datafield><datafield tag="245" ind1="0" ind2="0"><subfield code="6">880-03</subfield><subfield code="a">[Risālah fī tārīkh al-Maghrib fī ʻahd al-Sulṭān Mawlāy Sulaymān,</subfield><subfield code="f">late 19th century?].</subfield></datafield><datafield tag="260" ind1=" " ind2=" "><subfield code="c">[18--?].</subfield></datafield><datafield tag="300" ind1=" " ind2=" "><subfield code="a">45 leaves :</subfield><subfield code="b">paper ;</subfield><subfield code="c">210 x 133 (165-175 x 105) mm. bound to 213 x 137 mm.</subfield></datafield><datafield tag="500" ind1=" " ind2=" "><subfield code="a">Shelfmark: Ann Arbor, University of Michigan, Special Collections Library, Isl. Ms. 896</subfield></datafield><datafield tag="500" ind1=" " ind2=" "><subfield code="a">Origin: Lacks dated colophon ; paper, etc. would suggest late 19th century ; bookseller's label suggests terminus ante quem in the range of 1886 to 1916.</subfield></datafield><datafield tag="500" ind1=" " ind2=" "><subfield code="a">Accompanying materials: a. Slip with note "Persian [crossed out] Arabic Manuscripts (Heyworth Dunne?) No Husselman or Meredith-Owen notes" -- b. Slip with note "Counted for 1968/69 Annual Report" -- c. Recycled card with notes in pencil "Maghribi script – N. African script (not incl. Egypt) | same writer as that of the pencilled ms. [i.e. Isl. Ms. 898] | apparently transcribed from anr. ms. (on right) &amp; his notes on how to puzzle it out (on left)"</subfield></datafield><datafield tag="500" ind1=" " ind2=" "><subfield code="a">Former shelfmark: Mich. Isl. Ms. temp. no. 45</subfield></datafield><datafield tag="500" ind1=" " ind2=" "><subfield code="a">Binding: Fiber boards covered in shell marbled paper (mainly in brown, blue and dark pink) with dark brown cloth over spine (quarter binding) ; Western style binding ; pastedowns and flyleaves in untinted wove paper ; sewn in heavy cream thread, four stations, over two wide tapes / bands (flexible sewing) ; overall in fair condition with some abrasion, lifting and losses of paper, board and cloth, etc.</subfield></datafield><datafield tag="500" ind1=" " ind2=" "><subfield code="a">Support: European "laid" paper (no watermarks visible) upon which leaves carrying the transcript have been affixed (every other leaf) ; compare Isl. Ms. 898.</subfield></datafield><datafield tag="500" ind1=" " ind2=" "><subfield code="a">Script: Maghribī script ; crudely executed in pencil in imitation of the exemplar, mainly serifless and rounded with sweeping descenders, spur-like tail on alif of prolongation, slight effect of inclination to the right, etc. (compare transcript of Isl. Ms. 898).</subfield></datafield><datafield tag="500" ind1=" " ind2=" "><subfield code="a">Layout: Transcript written mainly in 17 lines per page ; every other leaf carries a varying number of clarifications or glosses of vocabulary from the Arabic text as well as notes in English.</subfield></datafield><datafield tag="500" ind1=" " ind2=" "><subfield code="a">Collation: i, V+1 (11), XI (29), VIII (45), i ; leaves of transcript have been mounted in such a way as to allow space for annotations on facing pages, many of which are thus partially or fully blank ; catchwords present in transcript (as they appeared in the exemplar) ; pagination in pencil, Western numerals, appears only on leaves carrying the transcript.</subfield></datafield><datafield tag="500" ind1=" " ind2=" "><subfield code="a">Explicit: "والغزال في السحراء والطيور النعام في السحراء ايضا وهذا ما وجدنا في الاخبار والله يوفقنا لما يجب ويحبه ويرضاه كملت"</subfield></datafield><datafield tag="500" ind1=" " ind2=" "><subfield code="a">Incipit: "فصل في معرفة قبائل المغرب الذين هم محدودين في حكومة السلطان الاعظم الخليفة الافخم الشريف الجليل الماجد الاصيل مولانا سليمن [سليمان] بن مولانا محمد بن مولانا عبد الله بن مولانا اسماعيل نصره [؟] الله وخلد ملكه ..."</subfield></datafield><datafield tag="500" ind1=" " ind2=" "><subfield code="a">Title supplied by cataloguer.</subfield></datafield><datafield tag="500" ind1=" " ind2=" "><subfield code="a">Ms. codex.</subfield></datafield><datafield tag="510" ind1="4" ind2=" "><subfield code="a">Forsyth, Michael. Bath. New Haven: Yale University Press, 2003.</subfield><subfield code="c">p.178</subfield></datafield><datafield tag="510" ind1="4" ind2=" "><subfield code="a">Bennison, Amira K. "ʿAlawī dynasty." In EI3,</subfield><subfield code="c">accessed via Brill Online.</subfield></datafield><datafield tag="520" ind1="8" ind2=" "><subfield code="a">Crude transcript (arranged for annotation) of an excerpt of a larger work containing an account of the tribes and regions of Morocco under the ʻAlawī sulṭān, Sulaymān ibn Muḥammad ibn ʻAbd Allāh ibn Ismāʻīil (d.1822).</subfield></datafield><datafield tag="538" ind1=" " ind2=" "><subfield code="a">Mode of access: Internet.</subfield></datafield><datafield tag="541" ind1=" " ind2=" "><subfield code="c">Gift ;</subfield><subfield code="a">Acquired from Frank E. Nuttall (1875-1943).</subfield></datafield><datafield tag="546" ind1=" " ind2=" "><subfield code="a">Arabic.</subfield></datafield><datafield tag="561" ind1=" " ind2=" "><subfield code="a">Description on verso of front flyleaf "An account of the Provinces in the Kingdom of Selim Ben Mahomed Ben Abdallah Ben Ismail i.e. of Morocco written in the Moorish character" ; on opening leaf, a listing distinguishing "Moorish", i.e. Maghribī letterforms from the standard forms of the Islamic East ; label on back flyleaf "GEORGE GREGORY, Book Merchant and Library Buyer, 5, Argyle Street, BATH" and on lower pastedown "GEORGE GREGORY, Bookseller to H.M. Queen Alexandra, 5, Argyle Street, BATH" (compare Isl. Ms. 898) ; extensively annotated.</subfield></datafield><datafield tag="600" ind1="0" ind2="0"><subfield code="a">Sulaymān,</subfield><subfield code="c">Sultan of Morocco,</subfield><subfield code="d">-1822.</subfield></datafield><datafield tag="650" ind1=" " ind2="0"><subfield code="a">Manuscripts, Arabic</subfield><subfield code="z">Michigan</subfield><subfield code="z">Ann Arbor.</subfield></datafield><datafield tag="651" ind1=" " ind2="0"><subfield code="a">Morocco</subfield><subfield code="x">Geography.</subfield></datafield><datafield tag="651" ind1=" " ind2="0"><subfield code="a">Morocco</subfield><subfield code="x">History</subfield><subfield code="y">1516-1830.</subfield></datafield><datafield tag="700" ind1="1" ind2=" "><subfield code="a">Nuttall, Frank E.,</subfield><subfield code="d">1875-1943,</subfield><subfield code="e">former owner.</subfield></datafield><datafield tag="773" ind1="0" ind2=" "><subfield code="a">F. E. Nuttall Collection.</subfield></datafield><datafield tag="880" ind1="0" ind2="0"><subfield code="6">245-03/</subfield><subfield code="a">[رسالة في تاريخ المغرب في عهد السلطان مولاي سليمان,</subfield><subfield code="f">اواخر القرن 19م؟].</subfield></datafield><datafield tag="CID" ind1=" " ind2=" "><subfield code="a">006833762</subfield></datafield><datafield tag="DAT" ind1="0" ind2=" "><subfield code="a">20190719102641.0</subfield><subfield code="b">20190719000000.0</subfield></datafield><datafield tag="DAT" ind1="1" ind2=" "><subfield code="a">20190719090653.0</subfield><subfield code="b">2019-07-19T16:12:13Z</subfield></datafield><datafield tag="DAT" ind1="2" ind2=" "><subfield code="a">2015-10-10T18:00:06Z</subfield></datafield><datafield tag="CAT" ind1=" " ind2=" "><subfield code="a">SDR-MIU</subfield><subfield code="d">EX LIBRIS - ALEPH</subfield><subfield code="l">prepare.pl-004-008</subfield></datafield><datafield tag="FMT" ind1=" " ind2=" "><subfield code="a">BK</subfield></datafield><datafield tag="HOL" ind1=" " ind2=" "><subfield code="0">sdr-miu006833762</subfield><subfield code="a">MiU</subfield><subfield code="b">SDR</subfield><subfield code="c">MIU</subfield><subfield code="p">mdp.39015079131721</subfield><subfield code="s">MIU</subfield><subfield code="1">006833762</subfield></datafield><datafield tag="974" ind1=" " ind2=" "><subfield code="b">MIU</subfield><subfield code="c">MIU</subfield><subfield code="d">20190719</subfield><subfield code="s">lit-dlps-dc</subfield><subfield code="u">mdp.39015079131721</subfield><subfield code="y">1899</subfield><subfield code="r">pd</subfield><subfield code="q">exp</subfield></datafield></record></collection>